% Encoding: UTF-8

@article{heiss1951nomograph,
  title={Nomograph of Dittus-Boelter Equation for Heating and Cooling Liquids},
  author={Heiss, John F and Coull, James},
  journal={Industrial \& Engineering Chemistry},
  volume={43},
  number={5},
  pages={1226--1229},
  year={1951},
  publisher={ACS Publications}
}


@book{cengel2014heat,
  title={Transferencia de calor y masa. Fundamentos y aplicaciones},
  author={{\c{C}}engel, Yunus A and Ghajar, Afshin J},
  year={2014},
  publisher={McGraw-Hill Higher Education}
}

@article{chen1966correlation,
  title={Correlation for boiling heat transfer to saturated fluids in convective flow},
  author={Chen, John C},
  journal={Industrial \& engineering chemistry process design and development},
  volume={5},
  number={3},
  pages={322--329},
  year={1966},
  publisher={ACS Publications}
}

@article{churchill1975correlating,
  title={Correlating equations for laminar and turbulent free convection from a horizontal cylinder},
  author={Churchill, Stuart W and Chu, Humbert HS},
  journal={International journal of heat and mass transfer},
  volume={18},
  number={9},
  pages={1049--1053},
  year={1975},
  publisher={Elsevier}
}

@book{kern1950process,
  title={Process heat transfer},
  author={Kern, Donald Quentin},
  year={1950},
  publisher={Tata McGraw-Hill Education}
}